

@misc{BorinskyEuler, 
title={Graphs, automorphisms and clockworks},
author={M. Borinsky},
 JOURNAL = {in preparation},
 year={2021}
}



@misc{BorinskySchnetz, 
title={Graphical functions in even dimensions},
author={M. Borinsky and O. Schnetz},
       journal = {in preparation},
 year={2021}
}


@article{DSWmatroid,
      title={Matroid connectivity and singularities of configuration hypersurfaces}, 
      author={Graham Denham and Mathias Schulze and Uli Walther},
      year={2020},
        journal = {Preprint: arXiv:1902.06507},
      eprint={1902.06507},
      archivePrefix="arXiv",
      primaryClass={math.AG}
}



@article {Maurer,
    AUTHOR = {Maurer, Stephen B.},
     TITLE = {Matrix generalizations of some theorems on trees, cycles and
              cocycles in graphs},
   JOURNAL = {SIAM J. Appl. Math.},
  FJOURNAL = {SIAM Journal on Applied Mathematics},
    VOLUME = {30},
      YEAR = {1976},
    NUMBER = {1},
     PAGES = {143--148},
      ISSN = {0036-1399},
   MRCLASS = {05C05},
  MRNUMBER = {392635},
MRREVIEWER = {Daniel I. A. Cohen},
       DOI = {10.1137/0130017},
       URL = {https://doi.org/10.1137/0130017},
}




@article{alm,
      title={The {G}rothendieck-{T}eichmueller {L}ie algebra and {B}rown's dihedral moduli spaces}, 
      author={Johan Alm},
      year={2018},
      journal = {Preprint: arXiv:1805.06684},
      eprint={1805.06684},
      archivePrefix={arXiv},
      primaryClass={math.QA}
}


@incollection{Cartier,
    AUTHOR = {Cartier, Pierre},
     TITLE = {A primer of {H}opf algebras},
 BOOKTITLE = {Frontiers in number theory, physics, and geometry. {II}},
     PAGES = {537--615},
 PUBLISHER = {Springer, Berlin},
      YEAR = {2007},
   MRCLASS = {16W30 (01A60 05E05)},
  MRNUMBER = {2290769},
MRREVIEWER = {Ralf Holtkamp},
       DOI = {10.1007/978-3-540-30308-4_12},
       URL = {https://doi.org/10.1007/978-3-540-30308-4_12},
}


@incollection{deligneP1,
    AUTHOR = {Deligne, P.},
     TITLE = {Le groupe fondamental de la droite projective moins trois
              points},
 BOOKTITLE = {Galois groups over {$\mathbb{Q}$} ({B}erkeley, {CA}, 1987)},
    SERIES = {Math. Sci. Res. Inst. Publ.},
    VOLUME = {16},
     PAGES = {79--297},
 PUBLISHER = {Springer, New York},
      YEAR = {1989},
   MRCLASS = {14G25 (11G35 11M06 11R70 14F35 19E99 19F27)},
  MRNUMBER = {1012168},
MRREVIEWER = {James Milne},
       DOI = {10.1007/978-1-4613-9649-9_3},
       URL = {https://doi.org/10.1007/978-1-4613-9649-9_3},
}


@article{BrownDoryn,
      title={Framings for graph hypersurfaces}, 
      author={Francis Brown and Dzmitry Doryn},
      year={2013},
      eprint={1301.3056},
       journal = {Preprint: arXiv:1301.3056},
      archivePrefix={arXiv},
      primaryClass={math.AG}
}


@article {BrownSchnetz,
    AUTHOR = {Brown, Francis and Schnetz, Oliver},
     TITLE = {A K3 in {$\phi^4$}},
   JOURNAL = {Duke Math. J.},
  FJOURNAL = {Duke Mathematical Journal},
    VOLUME = {161},
      YEAR = {2012},
    NUMBER = {10},
     PAGES = {1817--1862},
      ISSN = {0012-7094},
   MRCLASS = {81Q30 (14C35 14J28)},
  MRNUMBER = {2954618},
MRREVIEWER = {Paolo Aluffi},
       DOI = {10.1215/00127094-1644201},
       URL = {https://doi.org/10.1215/00127094-1644201},
}
		


@article {BelkaleBrosnan,
    AUTHOR = {Belkale, Prakash and Brosnan, Patrick},
     TITLE = {Matroids, motives, and a conjecture of {K}ontsevich},
   JOURNAL = {Duke Math. J.},
  FJOURNAL = {Duke Mathematical Journal},
    VOLUME = {116},
      YEAR = {2003},
    NUMBER = {1},
     PAGES = {147--188},
      ISSN = {0012-7094},
   MRCLASS = {14G10 (05A15 05B35 05C05 11G25 14M12 81T18)},
  MRNUMBER = {1950482},
MRREVIEWER = {Timothy Y. Chow},
       DOI = {10.1215/S0012-7094-03-11615-4},
       URL = {https://doi.org/10.1215/S0012-7094-03-11615-4},
}
		





@article {ConnesKreimer,
    AUTHOR = {Connes, Alain and Kreimer, Dirk},
     TITLE = {Hopf algebras, renormalization and noncommutative geometry},
   JOURNAL = {Comm. Math. Phys.},
  FJOURNAL = {Communications in Mathematical Physics},
    VOLUME = {199},
      YEAR = {1998},
    NUMBER = {1},
     PAGES = {203--242},
      ISSN = {0010-3616},
   MRCLASS = {81T15 (16W30 46L87 81T18)},
  MRNUMBER = {1660199},
MRREVIEWER = {Raimar Wulkenhaar},
       DOI = {10.1007/s002200050499},
       URL = {https://doi.org/10.1007/s002200050499},
}
	
	
	
		@article {Siegel,
    AUTHOR = {Siegel, Carl Ludwig},
     TITLE = {The volume of the fundamental domain for some infinite groups},
   JOURNAL = {Trans. Amer. Math. Soc.},
  FJOURNAL = {Transactions of the American Mathematical Society},
    VOLUME = {39},
      YEAR = {1936},
    NUMBER = {2},
     PAGES = {209--218},
      ISSN = {0002-9947},
   MRCLASS = {11H56},
  MRNUMBER = {1501843},
       DOI = {10.2307/1989745},
       URL = {https://doi.org/10.2307/1989745},
}
		

@article{BerghoffKreimer,
      title={Graph complexes and {F}eynman rules}, 
      author={Marko Berghoff and Dirk Kreimer},
      year={2020},
       journal = {Preprint: arXiv:2008.09540},
      eprint={2008.09540},
      archivePrefix={arXiv},
      primaryClass={hep-th}
}


@article{Bogner,
title = "{MPL}-{A} program for computations with iterated integrals on moduli spaces of curves of genus zero",
journal = "Computer Physics Communications",
volume = "203",
pages = "339 - 353",
year = "2016",
issn = "0010-4655",
doi = "https://doi.org/10.1016/j.cpc.2016.02.033",
url = "http://www.sciencedirect.com/science/article/pii/S0010465516300595",
author = "Christian Bogner"
}

@article{Schnetz,
    AUTHOR = {Schnetz, Oliver},
     TITLE = {Quantum periods: a census of {$\phi^4$}-transcendentals},
   JOURNAL = {Commun. Number Theory Phys.},
  FJOURNAL = {Communications in Number Theory and Physics},
    VOLUME = {4},
      YEAR = {2010},
    NUMBER = {1},
     PAGES = {1--47},
      ISSN = {1931-4523},
   MRCLASS = {81Q30 (11M32 81T15)},
  MRNUMBER = {2679376},
MRREVIEWER = {Karen A. Yeats},
       DOI = {10.4310/CNTP.2010.v4.n1.a1},
       URL = {https://doi.org/10.4310/CNTP.2010.v4.n1.a1},
}

@article {BroadhurstKreimer,
    AUTHOR = {Broadhurst, D. J. and Kreimer, D.},
     TITLE = {Knots and numbers in {$\phi^4$} theory to {$7$} loops and
              beyond},
   JOURNAL = {Internat. J. Modern Phys. C},
  FJOURNAL = {International Journal of Modern Physics C. Computational
              Physics and Physical Computation},
    VOLUME = {6},
      YEAR = {1995},
    NUMBER = {4},
     PAGES = {519--524},
      ISSN = {0129-1831},
   MRCLASS = {81T18 (57M25 81-04 81T15 81T80)},
  MRNUMBER = {1352337},
MRREVIEWER = {David H. Adams},
       DOI = {10.1142/S012918319500037X},
       URL = {https://doi.org/10.1142/S012918319500037X},
}



@article{Massless,
    AUTHOR = {Brown, Francis},
     TITLE = {The massless higher-loop two-point function},
   JOURNAL = {Comm. Math. Phys.},
  FJOURNAL = {Communications in Mathematical Physics},
    VOLUME = {287},
      YEAR = {2009},
    NUMBER = {3},
     PAGES = {925--958},
      ISSN = {0010-3616},
   MRCLASS = {81Q30 (11M41 33B30 81T18)},
  MRNUMBER = {2486668},
MRREVIEWER = {Karen A. Yeats},
       DOI = {10.1007/s00220-009-0740-5},
       URL = {https://doi.org/10.1007/s00220-009-0740-5},
}
		


@article{Panzer,
title = "Algorithms for the symbolic integration of hyperlogarithms with applications to Feynman integrals",
journal = "Computer Physics Communications",
volume = "188",
pages = "148 - 166",
year = "2015",
issn = "0010-4655",
doi = "https://doi.org/10.1016/j.cpc.2014.10.019",
url = "http://www.sciencedirect.com/science/article/pii/S0010465514003658",
author = "Erik Panzer"}

@incollection {Looijenga,
    AUTHOR = {Looijenga, Eduard},
     TITLE = {Cohomology of {$\mathcal{M}_3$} and {$\mathcal{M}^1_3$}},
 BOOKTITLE = {Mapping class groups and moduli spaces of {R}iemann surfaces
              ({G}\"{o}ttingen, 1991/{S}eattle, {WA}, 1991)},
    SERIES = {Contemp. Math.},
    VOLUME = {150},
     PAGES = {205--228},
 PUBLISHER = {Amer. Math. Soc., Providence, RI},
      YEAR = {1993},
   MRCLASS = {14H10 (14D20 14F99)},
  MRNUMBER = {1234266},
MRREVIEWER = {Montserrat Teixidor i Bigas},
       DOI = {10.1090/conm/150/01292},
       URL = {https://doi.org/10.1090/conm/150/01292},
}
		


@article{CGP,
      title={Tropical curves, graph complexes, and top weight cohomology of $\mathcal{M}_g$}, 
      author={Melody Chan and Soren Galatius and Sam Payne},
      year={2020},
       journal = {Preprint: arXiv:1805.10186},
      eprint={1805.10186},
      archivePrefix={arXiv},
      primaryClass={math.AG}
}



@article {GetzlerKapranov,
    AUTHOR = {Getzler, E. and Kapranov, M. M.},
     TITLE = {Modular operads},
   JOURNAL = {Compositio Math.},
  FJOURNAL = {Compositio Mathematica},
    VOLUME = {110},
      YEAR = {1998},
    NUMBER = {1},
     PAGES = {65--126},
      ISSN = {0010-437X},
   MRCLASS = {18C15 (08A02 14H10 57M50)},
  MRNUMBER = {1601666},
MRREVIEWER = {Alexandre I. Kabanov},
       DOI = {10.1023/A:1000245600345},
       URL = {https://doi.org/10.1023/A:1000245600345},
}


@article {Furusho,
    AUTHOR = {Furusho, Hidekazu},
     TITLE = {Pentagon and hexagon equations},
   JOURNAL = {Ann. of Math. (2)},
  FJOURNAL = {Annals of Mathematics. Second Series},
    VOLUME = {171},
      YEAR = {2010},
    NUMBER = {1},
     PAGES = {545--556},
      ISSN = {0003-486X},
   MRCLASS = {16T20 (17B01 20E18)},
  MRNUMBER = {2630048},
MRREVIEWER = {Pierre A. Lochak},
       DOI = {10.4007/annals.2010.171.545},
       URL = {https://doi.org/10.4007/annals.2010.171.545},
}

@article{GraphComplexComputations,
      title={Graph cohomology: an overview and some computations}, 
      author={D. Bar-Natan and B. McKay},
      URL={http://www.math.toronto.edu/~drorbn/papers/GCOC/GCOC.ps.}
     }

@article {NotesMot,
    AUTHOR = {Brown, Francis},
     TITLE = {Notes on motivic periods},
   JOURNAL = {Commun. Number Theory Phys.},
  FJOURNAL = {Communications in Number Theory and Physics},
    VOLUME = {11},
      YEAR = {2017},
    NUMBER = {3},
     PAGES = {557--655},
      ISSN = {1931-4523},
   MRCLASS = {81Q30 (11R32)},
  MRNUMBER = {3713352},
       DOI = {10.4310/CNTP.2017.v11.n3.a2},
       URL = {https://doi.org/10.4310/CNTP.2017.v11.n3.a2},
}
		
@article {Matroids,
    AUTHOR = {Whitney, Hassler},
     TITLE = {On the {A}bstract {P}roperties of {L}inear {D}ependence},
   JOURNAL = {Amer. J. Math.},
  FJOURNAL = {American Journal of Mathematics},
    VOLUME = {57},
      YEAR = {1935},
    NUMBER = {3},
     PAGES = {509--533},
      ISSN = {0002-9327},
   MRCLASS = {DML},
  MRNUMBER = {1507091},
       DOI = {10.2307/2371182},
       URL = {https://doi.org/10.2307/2371182},
}
@article {FeynmanCat,
    AUTHOR = {Kaufmann, Ralph M. and Ward, Benjamin C.},
     TITLE = {Feynman categories},
   JOURNAL = {Ast\'{e}risque},
  FJOURNAL = {Ast\'{e}risque},
    NUMBER = {387},
      YEAR = {2017},
     PAGES = {vii+161},
      ISSN = {0303-1179},
      ISBN = {978-2-85626-852-7},
   MRCLASS = {18D50 (16T05 18D10 18D35 18G55 55P48 55U35 81R10)},
  MRNUMBER = {3636409},
MRREVIEWER = {Beno\^{\i}t Fresse},
}

@book {Oxley,
    AUTHOR = {Oxley, James},
     TITLE = {Matroid theory},
    SERIES = {Oxford Graduate Texts in Mathematics},
    VOLUME = {21},
   EDITION = {Second},
 PUBLISHER = {Oxford University Press, Oxford},
      YEAR = {2011},
     PAGES = {xiv+684},
      ISBN = {978-0-19-960339-8},
   MRCLASS = {05-01 (05B35 90C27)},
  MRNUMBER = {2849819},
MRREVIEWER = {Maruti M. Shikare},
       DOI = {10.1093/acprof:oso/9780198566946.001.0001},
       URL = {https://doi.org/10.1093/acprof:oso/9780198566946.001.0001},
}
		

@article {BEK,
    AUTHOR = {Bloch, Spencer and Esnault, H\'{e}l\`ene and Kreimer, Dirk},
     TITLE = {On motives associated to graph polynomials},
   JOURNAL = {Comm. Math. Phys.},
  FJOURNAL = {Communications in Mathematical Physics},
    VOLUME = {267},
      YEAR = {2006},
    NUMBER = {1},
     PAGES = {181--225},
      ISSN = {0010-3616},
   MRCLASS = {81Q30 (11M41 14F25 81T18)},
  MRNUMBER = {2238909},
MRREVIEWER = {Matilde Marcolli},
       DOI = {10.1007/s00220-006-0040-2},
       URL = {https://doi.org/10.1007/s00220-006-0040-2},
}
		

@article {Cosmic,
    AUTHOR = {Brown, Francis},
     TITLE = {Feynman amplitudes, coaction principle, and cosmic {G}alois
              group},
   JOURNAL = {Commun. Number Theory Phys.},
  FJOURNAL = {Communications in Number Theory and Physics},
    VOLUME = {11},
      YEAR = {2017},
    NUMBER = {3},
     PAGES = {453--556},
      ISSN = {1931-4523},
   MRCLASS = {81Q30 (11R32)},
  MRNUMBER = {3713351},
MRREVIEWER = {Athanase Papadopoulos},
       DOI = {10.4310/CNTP.2017.v11.n3.a1},
       URL = {https://doi.org/10.4310/CNTP.2017.v11.n3.a1},
}
@article {BrMTZ,
    AUTHOR = {Brown, Francis},
     TITLE = {Mixed {T}ate motives over {$\Bbb Z$}},
   JOURNAL = {Ann. of Math. (2)},
  FJOURNAL = {Annals of Mathematics. Second Series},
    VOLUME = {175},
      YEAR = {2012},
    NUMBER = {2},
     PAGES = {949--976},
      ISSN = {0003-486X},
   MRCLASS = {11S20 (11M32 14F42)},
  MRNUMBER = {2993755},
MRREVIEWER = {Pierre A. Lochak},
       DOI = {10.4007/annals.2012.175.2.10},
       URL = {https://doi.org/10.4007/annals.2012.175.2.10},
}

@article{PeriodsFeynman,
      title={On the periods of some {F}eynman integrals}, 
      author={Francis C. S. Brown},
       journal = {Preprint: arXiv:0910.0114},
 year={2010},
      eprint={0910.0114},
      archivePrefix={arXiv},
      primaryClass={math.AG}
}

@incollection {Nagnibeda,
    AUTHOR = {Nagnibeda, Tatiana},
     TITLE = {The {J}acobian of a finite graph},
 BOOKTITLE = {Harmonic functions on trees and buildings ({N}ew {Y}ork,
              1995)},
    SERIES = {Contemp. Math.},
    VOLUME = {206},
     PAGES = {149--151},
 PUBLISHER = {Amer. Math. Soc., Providence, RI},
      YEAR = {1997},
   MRCLASS = {05C38 (11E39)},
  MRNUMBER = {1463740},
MRREVIEWER = {S. V. Duzhin},
       DOI = {10.1090/conm/206/02698},
       URL = {https://doi.org/10.1090/conm/206/02698},
}
		
		
@article {MR1748964,
    AUTHOR = {Kotani, Motoko and Sunada, Toshikazu},
     TITLE = {Jacobian tori associated with a finite graph and its abelian
              covering graphs},
   JOURNAL = {Adv. in Appl. Math.},
  FJOURNAL = {Advances in Applied Mathematics},
    VOLUME = {24},
      YEAR = {2000},
    NUMBER = {2},
     PAGES = {89--110},
      ISSN = {0196-8858},
   MRCLASS = {14K05 (05C10 58J99)},
  MRNUMBER = {1748964},
MRREVIEWER = {Robert Brooks},
       DOI = {10.1006/aama.1999.0672},
       URL = {https://doi.org/10.1006/aama.1999.0672},
}
		



@article {CaporasoViviani,
    AUTHOR = {Caporaso, Lucia and Viviani, Filippo},
     TITLE = {Torelli theorem for graphs and tropical curves},
   JOURNAL = {Duke Math. J.},
  FJOURNAL = {Duke Mathematical Journal},
    VOLUME = {153},
      YEAR = {2010},
    NUMBER = {1},
     PAGES = {129--171},
      ISSN = {0012-7094},
   MRCLASS = {14C34 (05C10 14T05)},
  MRNUMBER = {2641941},
MRREVIEWER = {Michele Bolognesi},
       DOI = {10.1215/00127094-2010-022},
       URL = {https://doi.org/10.1215/00127094-2010-022},
}
		




@incollection {MR2457739,
    AUTHOR = {Mikhalkin, Grigory and Zharkov, Ilia},
     TITLE = {Tropical curves, their {J}acobians and theta functions},
 BOOKTITLE = {Curves and abelian varieties},
    SERIES = {Contemp. Math.},
    VOLUME = {465},
     PAGES = {203--230},
 PUBLISHER = {Amer. Math. Soc., Providence, RI},
      YEAR = {2008},
   MRCLASS = {14T05 (05C38 14H40 14H42)},
  MRNUMBER = {2457739},
       DOI = {10.1090/conm/465/09104},
       URL = {https://doi.org/10.1090/conm/465/09104},
}
		
		
@article {BordificationOuterSpace,
    AUTHOR = {Bux, Kai-Uwe and Smillie, Peter and Vogtmann, Karen},
     TITLE = {On the bordification of outer space},
   JOURNAL = {J. Lond. Math. Soc. (2)},
  FJOURNAL = {Journal of the London Mathematical Society. Second Series},
    VOLUME = {98},
      YEAR = {2018},
    NUMBER = {1},
     PAGES = {12--34},
      ISSN = {0024-6107},
   MRCLASS = {20E36 (20E05 20F65 57M07)},
  MRNUMBER = {3847230},
MRREVIEWER = {Mihalis A. Sykiotis},
       DOI = {10.1112/jlms.12124},
       URL = {https://doi.org/10.1112/jlms.12124},
}
		
		@article {CullerVogtmann,
    AUTHOR = {Culler, Marc and Vogtmann, Karen},
     TITLE = {Moduli of graphs and automorphisms of free groups},
   JOURNAL = {Invent. Math.},
  FJOURNAL = {Inventiones Mathematicae},
    VOLUME = {84},
      YEAR = {1986},
    NUMBER = {1},
     PAGES = {91--119},
      ISSN = {0020-9910},
   MRCLASS = {20F28 (20J05 57S30)},
  MRNUMBER = {830040},
MRREVIEWER = {Christopher W. Stark},
       DOI = {10.1007/BF01388734},
       URL = {https://doi.org/10.1007/BF01388734},
}

@article {SpectralSequenceGC2,
    AUTHOR = {Khoroshkin, Anton and Willwacher, Thomas and \v{Z}ivkovi\'{c}, Marko},
     TITLE = {Differentials on graph complexes},
   JOURNAL = {Adv. Math.},
  FJOURNAL = {Advances in Mathematics},
    VOLUME = {307},
      YEAR = {2017},
     PAGES = {1184--1214},
      ISSN = {0001-8708},
   MRCLASS = {18G60 (05C75 17B55 55T05)},
  MRNUMBER = {3590540},
MRREVIEWER = {Florian Sch\"{a}tz},
       DOI = {10.1016/j.aim.2016.05.029},
       URL = {https://doi.org/10.1016/j.aim.2016.05.029},
}

@article {WillwacherGRT,
    AUTHOR = {Willwacher, Thomas},
     TITLE = {M. {K}ontsevich's graph complex and the
              {G}rothendieck-{T}eichm\"{u}ller {L}ie algebra},
   JOURNAL = {Invent. Math.},
  FJOURNAL = {Inventiones Mathematicae},
    VOLUME = {200},
      YEAR = {2015},
    NUMBER = {3},
     PAGES = {671--760},
      ISSN = {0020-9910},
   MRCLASS = {17B55 (18D50 53D55)},
  MRNUMBER = {3348138},
MRREVIEWER = {Rongmin Lu},
       DOI = {10.1007/s00222-014-0528-x},
       URL = {https://doi.org/10.1007/s00222-014-0528-x},
}


@incollection {Kontsevich93,
    AUTHOR = {Kontsevich, Maxim},
     TITLE = {Formal (non)commutative symplectic geometry},
 BOOKTITLE = {The {G}elfand {M}athematical {S}eminars, 1990--1992},
     PAGES = {173--187},
 PUBLISHER = {Birkh\"{a}user Boston, Boston, MA},
      YEAR = {1993},
   MRCLASS = {58H15 (17B65 58F05)},
  MRNUMBER = {1247289},
MRREVIEWER = {Alexander A. Voronov},
}
		
	@article {Golz,
    AUTHOR = {Golz, Marcel},
     TITLE = {Dodgson polynomial identities},
   JOURNAL = {Commun. Number Theory Phys.},
  FJOURNAL = {Communications in Number Theory and Physics},
    VOLUME = {13},
      YEAR = {2019},
    NUMBER = {4},
     PAGES = {667--723},
      ISSN = {1931-4523},
   MRCLASS = {81Q30 (05C31 81T18)},
  MRNUMBER = {4043785},
MRREVIEWER = {\^{A}ngela Mestre},
       DOI = {10.4310/CNTP.2019.v13.n4.a1},
       URL = {https://doi.org/10.4310/CNTP.2019.v13.n4.a1},
}	
		
@incollection {KontsevichBourbaki,
    AUTHOR = {Kontsevich, Maxim},
     TITLE = {Derived {G}rothendieck-{T}eichm\"{u}ller group and graph complexes
              [after {T}. {W}illwacher]},
      NOTE = {S\'{e}minaire Bourbaki. Vol. 2016/2017. Expos\'{e}s 1120--1135},
   JOURNAL = {Ast\'{e}risque},
  FJOURNAL = {Ast\'{e}risque},
    NUMBER = {407},
      YEAR = {2019},
     PAGES = {Exp. No. 1126, 183--211},
      ISSN = {0303-1179},
      ISBN = {978-2-85629-897-8},
   MRCLASS = {17B55 (18M60)},
  MRNUMBER = {3939277},
MRREVIEWER = {Alastair Hamilton},
       DOI = {10.24033/ast},
       URL = {https://doi.org/10.24033/ast},
}


@article {ChanTorelli,
    AUTHOR = {Chan, Melody},
     TITLE = {Combinatorics of the tropical {T}orelli map},
   JOURNAL = {Algebra Number Theory},
  FJOURNAL = {Algebra \& Number Theory},
    VOLUME = {6},
      YEAR = {2012},
    NUMBER = {6},
     PAGES = {1133--1169},
      ISSN = {1937-0652},
   MRCLASS = {14T05 (05C30 14H10)},
  MRNUMBER = {2968636},
MRREVIEWER = {Luis Felipe Tabera},
       DOI = {10.2140/ant.2012.6.1133},
       URL = {https://doi.org/10.2140/ant.2012.6.1133},
}
		

		@article {WZEulerCharacteristic,
    AUTHOR = {Willwacher, Thomas and \v{Z}ivkovi\'{c}, Marko},
     TITLE = {Multiple edges in {M}. {K}ontsevich's graph complexes and
              computations of the dimensions and {E}uler characteristics},
   JOURNAL = {Adv. Math.},
  FJOURNAL = {Advances in Mathematics},
    VOLUME = {272},
      YEAR = {2015},
     PAGES = {553--578},
      ISSN = {0001-8708},
   MRCLASS = {05A15 (18G35)},
  MRNUMBER = {3303240},
MRREVIEWER = {Seyed Amin Seyed Fakhari},
       DOI = {10.1016/j.aim.2014.12.010},
       URL = {https://doi.org/10.1016/j.aim.2014.12.010},
}

@article {Drinfeld,
    AUTHOR = {Drinfeld, V. G.},
     TITLE = {On quasitriangular quasi-{H}opf algebras and on a group that
              is closely connected with {$\mathrm{Gal}(\overline{\mathbb{Q}}/{\mathbb{
              Q}})$}},
   JOURNAL = {Algebra i Analiz},
  FJOURNAL = {Algebra i Analiz},
    VOLUME = {2},
      YEAR = {1990},
    NUMBER = {4},
     PAGES = {149--181},
      ISSN = {0234-0852},
   MRCLASS = {16W30 (17B37)},
  MRNUMBER = {1080203},
MRREVIEWER = {Ivan Penkov},
}

@article {HainQBar,
    AUTHOR = {Hain, Richard M.},
     TITLE = {On the indecomposable elements of the bar construction},
   JOURNAL = {Proc. Amer. Math. Soc.},
  FJOURNAL = {Proceedings of the American Mathematical Society},
    VOLUME = {98},
      YEAR = {1986},
    NUMBER = {2},
     PAGES = {312--316},
      ISSN = {0002-9939},
   MRCLASS = {55U15 (18G10 55P62)},
  MRNUMBER = {854039},
MRREVIEWER = {Vincent Giambalvo},
       DOI = {10.2307/2045704},
       URL = {https://doi.org/10.2307/2045704},
}

@inproceedings {brownICM,
    AUTHOR = {Brown, F.},
     TITLE = {Motivic periods and {$\mathbb{P}^1\backslash \{0,1,\infty\}$}},
 BOOKTITLE = {Proceedings of the {I}nternational {C}ongress of
              {M}athematicians---{S}eoul 2014. {V}ol. {II}},
     PAGES = {295--318},
 PUBLISHER = {Kyung Moon Sa, Seoul},
      YEAR = {2014},
   MRCLASS = {11M32 (14C15)},
  MRNUMBER = {3728616},
}
		


@article{Bogner2016,
title = "M{P}{L} -- {A} program for computations with iterated integrals on moduli spaces of curves of genus zero",
journal = "Computer Physics Communications",
volume = "203",
pages = "339 - 353",
year = "2016",
issn = "0010-4655",
doi = "https://doi.org/10.1016/j.cpc.2016.02.033",
url = "http://www.sciencedirect.com/science/article/pii/S0010465516300595",
author = "C. Bogner",
keywords = "Feynman integrals, Iterated integrals, Moduli spaces, Multiple polylogarithms"
}

@book{bottandtu,
    AUTHOR = {Bott, R. and Tu, L. W.},
     TITLE = {Differential forms in algebraic topology},
    SERIES = {Graduate Texts in Mathematics},
    VOLUME = {82},
 PUBLISHER = {Springer-Verlag, New York-Berlin},
      YEAR = {1982},
     PAGES = {xiv+331},
      ISBN = {0-387-90613-4},
   MRCLASS = {57R19 (55-02 58-01 58A12)},
  MRNUMBER = {658304},
MRREVIEWER = {Hansklaus Rummler},
}

@article {BrENS,
    AUTHOR = {Brown, F.},
     TITLE = {Multiple zeta values and periods of moduli spaces
              {$\overline{\mathfrak{M}}_{0,n}$}},
   JOURNAL = {Ann. Sci. \'{E}c. Norm. Sup\'{e}r. (4)},
  FJOURNAL = {Annales Scientifiques de l'\'{E}cole Normale Sup\'{e}rieure. Quatri\`eme
              S\'{e}rie},
    VOLUME = {42},
      YEAR = {2009},
    NUMBER = {3},
     PAGES = {371--489},
      ISSN = {0012-9593},
   MRCLASS = {32G20 (11G55 11M32 14F42 14H10 19F27 33B30)},
  MRNUMBER = {2543329},
MRREVIEWER = {Wadim Zudilin},
       DOI = {10.24033/asens.2099},
       URL = {https://doi.org/10.24033/asens.2099},
}
	
		

@article{brownnotesmot,
    AUTHOR = {Brown, F.},
     TITLE = {Notes on motivic periods},
   JOURNAL = {Commun. Number Theory Phys.},
  FJOURNAL = {Communications in Number Theory and Physics},
    VOLUME = {11},
      YEAR = {2017},
    NUMBER = {3},
     PAGES = {557--655},
      ISSN = {1931-4523},
   MRCLASS = {81Q30 (11R32)},
  MRNUMBER = {3713352},
       DOI = {10.4310/CNTP.2017.v11.n3.a2},
       URL = {https://doi.org/10.4310/CNTP.2017.v11.n3.a2},
}

@article{browncarrschneps,
    AUTHOR = {Brown, F. and Carr, S. and Schneps, L.},
     TITLE = {The algebra of cell-zeta values},
   JOURNAL = {Compos. Math.},
  FJOURNAL = {Compositio Mathematica},
    VOLUME = {146},
      YEAR = {2010},
    NUMBER = {3},
     PAGES = {731--771},
      ISSN = {0010-437X},
   MRCLASS = {11M32 (14H15 32G20)},
  MRNUMBER = {2644933},
MRREVIEWER = {Wadim Zudilin},
       DOI = {10.1112/S0010437X09004540},
       URL = {https://doi.org/10.1112/S0010437X09004540},
}
		
		
@article{brownkreimer,
    AUTHOR = {Brown, F. and Kreimer, D.},
     TITLE = {Angles, scales and parametric renormalization},
   JOURNAL = {Lett. Math. Phys.},
  FJOURNAL = {Letters in Mathematical Physics},
    VOLUME = {103},
      YEAR = {2013},
    NUMBER = {9},
     PAGES = {933--1007},
      ISSN = {0377-9017},
   MRCLASS = {81T15 (81Q30 81T18)},
  MRNUMBER = {3077961},
MRREVIEWER = {Ali Shojaei-Fard},
       DOI = {10.1007/s11005-013-0625-6},
       URL = {https://doi.org/10.1007/s11005-013-0625-6},
}


@article{delignehodge2,
	Author = {Deligne, P.},
	Date-Added = {2016-08-03 12:29:43 +0000},
	Date-Modified = {2016-08-03 12:29:53 +0000},
	Fjournal = {Institut des Hautes {\'E}tudes Scientifiques. Publications Math{\'e}matiques},
	Issn = {0073-8301},
	Journal = {Inst. Hautes {\'E}tudes Sci. Publ. Math.},
	Mrclass = {14C30 (14F15)},
	Mrnumber = {0498551},
	Mrreviewer = {J. H. M. Steenbrink},
	Number = {40},
	Pages = {5--57},
	Title = {Th{\'e}orie de {H}odge. {II}},
	Year = {1971},
	Bdsk-Url-1 = {http://www.ams.org/mathscinet-getitem?mr=0498551}}


	
		@book{deligneEqDiff,
    AUTHOR = {Deligne, P.},
     TITLE = {\'{E}quations diff\'{e}rentielles \`a points singuliers r\'{e}guliers},
    SERIES = {Lecture Notes in Mathematics, Vol. 163},
 PUBLISHER = {Springer-Verlag, Berlin-New York},
      YEAR = {1970},
     PAGES = {iii+133},
   MRCLASS = {14D05 (14C30)},
  MRNUMBER = {0417174},
MRREVIEWER = {Helmut Hamm},
}
		
		
@article {delignegoncharov,
    AUTHOR = {Deligne, P. and Goncharov, A. B.},
     TITLE = {Groupes fondamentaux motiviques de {T}ate mixte},
   JOURNAL = {Ann. Sci. \'{E}cole Norm. Sup. (4)},
  FJOURNAL = {Annales Scientifiques de l'\'{E}cole Normale Sup\'{e}rieure. Quatri\`{e}me
              S\'{e}rie},
    VOLUME = {38},
      YEAR = {2005},
    NUMBER = {1},
     PAGES = {1--56},
      ISSN = {0012-9593},
   MRCLASS = {11G55 (14F42 14G10 19F27)},
  MRNUMBER = {2136480},
MRREVIEWER = {Tam\'{a}s Szamuely},
       DOI = {10.1016/j.ansens.2004.11.001},
       URL = {https://doi.org/10.1016/j.ansens.2004.11.001},
}
	

@article {dupontodd,
    AUTHOR = {Dupont, C.},
     TITLE = {Odd zeta motive and linear forms in odd zeta values},
      NOTE = {With a joint appendix with Don Zagier},
   JOURNAL = {Compos. Math.},
  FJOURNAL = {Compositio Mathematica},
    VOLUME = {154},
      YEAR = {2018},
    NUMBER = {2},
     PAGES = {342--379},
      ISSN = {0010-437X},
   MRCLASS = {14G10 (11M06 14F42)},
  MRNUMBER = {3719251},
MRREVIEWER = {Michael C. Berg},
       DOI = {10.1112/S0010437X17007588},
       URL = {https://doi.org/10.1112/S0010437X17007588},
}


@article {Grothendieck,
    AUTHOR = {Grothendieck, A.},
     TITLE = {On the de {R}ham cohomology of algebraic varieties},
   JOURNAL = {Inst. Hautes \'{E}tudes Sci. Publ. Math.},
  FJOURNAL = {Institut des Hautes \'{E}tudes Scientifiques. Publications
              Math\'{e}matiques},
    NUMBER = {29},
      YEAR = {1966},
     PAGES = {95--103},
      ISSN = {0073-8301},
   MRCLASS = {14.55 (32.44)},
  MRNUMBER = {0199194},
MRREVIEWER = {M. F. Atiyah},
       URL = {http://www.numdam.org/item?id=PMIHES_1966__29__95_0},
}



@article{Panzer2015,
title = "Algorithms for the symbolic integration of hyperlogarithms with applications to {F}eynman integrals",
journal = "Computer Physics Communications",
volume = "188",
pages = "148 - 166",
year = "2015",
issn = "0010-4655",
doi = "https://doi.org/10.1016/j.cpc.2014.10.019",
url = "http://www.sciencedirect.com/science/article/pii/S0010465514003658",
author = "Panzer, E.",
keywords = "Feynman integrals, Hyperlogarithms, Polylogarithms, Computer algebra, Symbolic integration, -expansions"
}

